@article{lipton2018mythos,
  title={The mythos of model interpretability},
  author={Lipton, Zachary C},
  journal={Communications of the ACM},
  volume={61},
  number={10},
  pages={36--43},
  year={2018},
  publisher={ACM}
}

@inproceedings{ribeiro2016should,
  title={"Why should I trust you?" Explaining the predictions of any classifier},
  author={Ribeiro, Marco Tulio and Singh, Sameer and Guestrin, Carlos},
  booktitle={Proceedings of the 22nd ACM SIGKDD international conference on knowledge discovery and data mining},
  pages={1135--1144},
  year={2016}
}

@inproceedings{lundberg2017unified,
  title={A unified approach to interpreting model predictions},
  author={Lundberg, Scott M and Lee, Su-In},
  booktitle={Advances in neural information processing systems},
  pages={4765--4774},
  year={2017}
}

@article{rudin2019stop,
  title={Stop explaining black box machine learning models for high stakes decisions and use interpretable models instead},
  author={Rudin, Cynthia},
  journal={Nature machine intelligence},
  volume={1},
  number={5},
  pages={206--215},
  year={2019},
  publisher={Nature Publishing Group}
}

@inproceedings{jain2019attention,
  title={Attention is not explanation},
  author={Jain, Sarthak and Wallace, Byron C},
  booktitle={Proceedings of the 2019 conference of the north american chapter of the association for computational linguistics},
  pages={3543--3556},
  year={2019}
}

@article{adadi2018peeking,
  title={Peeking inside the black-box: a survey on explainable artificial intelligence (XAI)},
  author={Adadi, Amina and Berrada, Mohammed},
  journal={IEEE access},
  volume={6},
  pages={52138--52160},
  year={2018},
  publisher={IEEE}
}

@inproceedings{alvarez2018towards,
  title={Towards robust interpretability with self-explaining neural networks},
  author={Alvarez-Melis, David and Jaakkola, Tommi S},
  booktitle={Advances in neural information processing systems},
  pages={7786--7795},
  year={2018}
}

@article{garcez2019neural,
  title={Neural-symbolic computing: An effective methodology for principled integration of machine learning and reasoning},
  author={Garcez, Artur d'Avila and Gori, Marco and Lamb, Luis C and Serafini, Luciano and Spranger, Michael and Tran, Son N},
  journal={Journal of Applied Logics},
  volume={6},
  number={4},
  pages={611--631},
  year={2019}
}

@book{castillo2007type,
  title={Type-2 fuzzy logic: theory and applications},
  author={Castillo, Oscar and Melin, Patricia},
  year={2007},
  publisher={Springer}
}

@book{mitra2002neuro,
  title={Neuro-fuzzy and soft computing: a computational approach to learning and machine intelligence},
  author={Mitra, Sushmita and Hayashi, Yoichi},
  year={2002},
  publisher={Prentice Hall}
}

@inproceedings{van2019differentiable,
  title={Differentiable fuzzy t-norms and t-conorms},
  author={Van Krieken, Emile and Acar, Erman and Van Harmelen, Frank},
  booktitle={International Conference on Information Processing and Management of Uncertainty in Knowledge-Based Systems},
  pages={3--15},
  year={2019},
  organization={Springer}
}

@inproceedings{vaswani2017attention,
  title={Attention is all you need},
  author={Vaswani, Ashish and Shazeer, Noam and Parmar, Niki and Uszkoreit, Jakob and Jones, Llion and Gomez, Aidan N and Kaiser, {\L}ukasz and Polosukhin, Illia},
  booktitle={Advances in neural information processing systems},
  pages={5998--6008},
  year={2017}
}

@inproceedings{lu2019vilbert,
  title={ViLBERT: Pretraining task-agnostic visiolinguistic representations for vision-and-language tasks},
  author={Lu, Jiasen and Batra, Dhruv and Parikh, Devi and Lee, Stefan},
  booktitle={Advances in neural information processing systems},
  pages={13--23},
  year={2019}
}

@inproceedings{antol2015vqa,
  title={Vqa: Visual question answering},
  author={Antol, Stanislaw and Agrawal, Aishwarya and Lu, Jiasen and Mitchell, Margaret and Batra, Dhruv and Lawrence Zitnick, C and Parikh, Devi},
  booktitle={Proceedings of the IEEE international conference on computer vision},
  pages={2425--2433},
  year={2015}
}

@inproceedings{park2018multimodal,
  title={Multimodal explanations: Justifying decisions and pointing to the evidence},
  author={Park, Dong Huk and Hendricks, Lisa Anne and Akata, Zeynep and Rohrbach, Anna and Schiele, Bernt and Darrell, Trevor and Rohrbach, Marcus},
  booktitle={Proceedings of the IEEE conference on computer vision and pattern recognition},
  pages={8779--8788},
  year={2018}
}

@inproceedings{selvaraju2017grad,
  title={Grad-cam: Visual explanations from deep networks via gradient-based localization},
  author={Selvaraju, Ramprasaath R and Cogswell, Michael and Das, Abhishek and Vedantam, Ramakrishna and Parikh, Devi and Batra, Dhruv},
  booktitle={Proceedings of the IEEE international conference on computer vision},
  pages={618--626},
  year={2017}
}

@inproceedings{zhang2018visual,
  title={Visual interpretability for deep learning: a survey},
  author={Zhang, Quanshi and Zhu, Song-Chun},
  booktitle={Frontiers of Information Technology \& Electronic Engineering},
  volume={19},
  number={1},
  pages={27--39},
  year={2018},
  organization={Springer}
}

@article{chen2019gradients,
  title={Gradients of counterfactuals for explainable AI},
  author={Chen, Chaofan and Li, Oscar and Tao, Daniel and Barnett, Alina and Su, Jonathan and Rudin, Cynthia},
  journal={arXiv preprint arXiv:1906.07620},
  year={2019}
}

@inproceedings{simonyan2013deep,
  title={Deep inside convolutional networks: Visualising image classification models and saliency maps},
  author={Simonyan, Karen and Vedaldi, Andrea and Zisserman, Andrew},
  booktitle={arXiv preprint arXiv:1312.6034},
  year={2013}
}

@inproceedings{springenberg2014striving,
  title={Striving for simplicity: The all convolutional net},
  author={Springenberg, Jost Tobias and Dosovitskiy, Alexey and Brox, Thomas and Riedmiller, Martin},
  booktitle={arXiv preprint arXiv:1412.6806},
  year={2014}
}

@inproceedings{bach2015pixel,
  title={On pixel-wise explanations for non-linear classifier decisions by layer-wise relevance propagation},
  author={Bach, Sebastian and Binder, Alexander and Montavon, Gr{\'e}goire and Klauschen, Frederick and M{\"u}ller, Klaus-Robert and Samek, Wojciech},
  booktitle={PloS one},
  volume={10},
  number={7},
  pages={e0130140},
  year={2015},
  organization={Public Library of Science San Francisco, CA USA}
}

@inproceedings{montavon2017explaining,
  title={Explaining nonlinear classification decisions with deep taylor decomposition},
  author={Montavon, Gr{\'e}goire and Lapuschkin, Sebastian and Binder, Alexander and Samek, Wojciech and M{\"u}ller, Klaus-Robert},
  booktitle={Pattern recognition},
  volume={65},
  pages={211--222},
  year={2017},
  organization={Elsevier}
}

@inproceedings{kindermans2017learning,
  title={Learning how to explain neural networks: Patternnet and patternattribution},
  author={Kindermans, Pieter-Jan and Sch{\"u}tt, Kristof T and Alber, Maximilian and M{\"u}ller, Klaus-Robert and Erhan, Dumitru and Kim, Been and D{\"a}hne, Sven},
  booktitle={arXiv preprint arXiv:1705.05598},
  year={2017}
}

@inproceedings{sundararajan2017axiomatic,
  title={Axiomatic attribution for deep networks},
  author={Sundararajan, Mukund and Taly, Ankur and Yan, Qiqi},
  booktitle={International conference on machine learning},
  pages={3319--3328},
  year={2017},
  organization={PMLR}
}

@inproceedings{smilkov2017smoothgrad,
  title={Smoothgrad: removing noise by adding noise},
  author={Smilkov, Daniel and Thorat, Nikhil and Kim, Been and Vi{\'e}gas, Fernanda and Wattenberg, Martin},
  booktitle={arXiv preprint arXiv:1706.03825},
  year={2017}
}

@inproceedings{erhan2009visualizing,
  title={Visualizing higher-layer features of a deep network},
  author={Erhan, Dumitru and Bengio, Yoshua and Courville, Aaron and Vincent, Pascal},
  booktitle={University of Montreal},
  volume={1341},
  number={3},
  pages={1},
  year={2009}
}

@inproceedings{zeiler2014visualizing,
  title={Visualizing and understanding convolutional networks},
  author={Zeiler, Matthew D and Fergus, Rob},
  booktitle={European conference on computer vision},
  pages={818--833},
  year={2014},
  organization={Springer}
}

@inproceedings{mahendran2015understanding,
  title={Understanding deep image representations by inverting them},
  author={Mahendran, Aravindh and Vedaldi, Andrea},
  booktitle={Proceedings of the IEEE conference on computer vision and pattern recognition},
  pages={5188--5196},
  year={2015}
}

@inproceedings{dosovitskiy2016inverting,
  title={Inverting visual representations with convolutional networks},
  author={Dosovitskiy, Alexey and Brox, Thomas},
  booktitle={Proceedings of the IEEE conference on computer vision and pattern recognition},
  pages={4829--4837},
  year={2016}
}

@inproceedings{nguyen2016synthesizing,
  title={Synthesizing the preferred inputs for neurons in neural networks via deep generator networks},
  author={Nguyen, Anh and Dosovitskiy, Alexey and Yosinski, Jason and Brox, Thomas and Clune, Jeff},
  booktitle={Advances in neural information processing systems},
  pages={3387--3395},
  year={2016}
}

@inproceedings{yosinski2015understanding,
  title={Understanding neural networks through deep visualization},
  author={Yosinski, Jason and Clune, Jeff and Nguyen, Anh and Fuchs, Thomas and Lipson, Hod},
  booktitle={arXiv preprint arXiv:1506.06579},
  year={2015}
}

@inproceedings{olah2017feature,
  title={Feature visualization},
  author={Olah, Chris and Mordvintsev, Alexander and Schubert, Ludwig},
  booktitle={Distill},
  volume={2},
  number={11},
  pages={e7},
  year={2017}
}

@inproceedings{mordvintsev2018differentiable,
  title={Differentiable image parameterizations},
  author={Mordvintsev, Alexander and Olah, Chris and Tyka, Mike},
  booktitle={Distill},
  volume={3},
  number={7},
  pages={e12},
  year={2018}
}

@inproceedings{goodfellow2014generative,
  title={Generative adversarial nets},
  author={Goodfellow, Ian and Pouget-Abadie, Jean and Mirza, Mehdi and Xu, Bing and Warde-Farley, David and Ozair, Sherjil and Courville, Aaron and Bengio, Yoshua},
  booktitle={Advances in neural information processing systems},
  pages={2672--2680},
  year={2014}
}

@inproceedings{radford2015unsupervised,
  title={Unsupervised representation learning with deep convolutional generative adversarial networks},
  author={Radford, Alec and Metz, Luke and Chintala, Soumith},
  booktitle={arXiv preprint arXiv:1511.06434},
  year={2015}
}

@inproceedings{arjovsky2017wasserstein,
  title={Wasserstein generative adversarial networks},
  author={Arjovsky, Martin and Chintala, Soumith and Bottou, L{\'e}on},
  booktitle={International conference on machine learning},
  pages={214--223},
  year={2017},
  organization={PMLR}
}

@inproceedings{gulrajani2017improved,
  title={Improved training of wasserstein gans},
  author={Gulrajani, Ishaan and Ahmed, Faruk and Arjovsky, Martin and Dumoulin, Vincent and Courville, Aaron C},
  booktitle={Advances in neural information processing systems},
  pages={5767--5777},
  year={2017}
}

@inproceedings{kingma2014auto,
  title={Auto-encoding variational bayes},
  author={Kingma, Diederik P and Welling, Max},
  booktitle={arXiv preprint arXiv:1312.6114},
  year={2013}
}

@inproceedings{rezende2014stochastic,
  title={Stochastic backpropagation and approximate inference in deep generative models},
  author={Rezende, Danilo Jimenez and Mohamed, Shakir and Wierstra, Daan},
  booktitle={International conference on machine learning},
  pages={1278--1286},
  year={2014},
  organization={PMLR}
}

@inproceedings{bowman2015generating,
  title={Generating sentences from a continuous space},
  author={Bowman, Samuel R and Vilnis, Luke and Vinyals, Oriol and Dai, Andrew M and Jozefowicz, Rafal and Bengio, Samy},
  booktitle={arXiv preprint arXiv:1511.06349},
  year={2015}
}

@inproceedings{hu2017toward,
  title={Toward controlled generation of text},
  author={Hu, Zhiting and Yang, Zichao and Salakhutdinov, Ruslan and Xing, Eric P},
  booktitle={International conference on machine learning},
  pages={1587--1596},
  year={2017},
  organization={PMLR}
}

@inproceedings{chen2016infogan,
  title={Infogan: Interpretable representation learning by information maximizing generative adversarial nets},
  author={Chen, Xi and Duan, Yan and Houthooft, Rein and Schulman, John and Sutskever, Ilya and Abbeel, Pieter},
  booktitle={Advances in neural information processing systems},
  pages={2172--2180},
  year={2016}
}

@inproceedings{chen2018isolating,
  title={Isolating sources of disentanglement in variational autoencoders},
  author={Chen, Ricky TQ and Li, Xuechen and Grosse, Roger and Duvenaud, David},
  booktitle={Advances in neural information processing systems},
  pages={2610--2620},
  year={2018}
}

@inproceedings{kim2018disentangling,
  title={Disentangling by factorising},
  author={Kim, Hyunjik and Mnih, Andriy},
  booktitle={International Conference on Machine Learning},
  pages={2649--2658},
  year={2018},
  organization={PMLR}
}

@inproceedings{locatello2019challenging,
  title={Challenging common assumptions in the unsupervised learning of disentangled representations},
  author={Locatello, Francesco and Bauer, Stefan and Lucic, Mario and Raetsch, Gunnar and Gelly, Sylvain and Sch{\"o}lkopf, Bernhard and Bachem, Olivier},
  booktitle={International conference on machine learning},
  pages={4114--4124},
  year={2019},
  organization={PMLR}
}

@inproceedings{chen2019variational,
  title={Variational inference for disentangled latent factors},
  author={Chen, Ricky TQ and Li, Xuechen and Grosse, Roger and Duvenaud, David},
  booktitle={arXiv preprint arXiv:1906.01569},
  year={2019}
}

@inproceedings{mathieu2019disentangling,
  title={Disentangling factors of variation using few labels},
  author={Mathieu, Emile and Rainforth, Tom and Siddharth, N and Teh, Yee Whye},
  booktitle={arXiv preprint arXiv:1905.12612},
  year={2019}
}

@inproceedings{ridgeway2016learning,
  title={Learning deep disentangled embeddings with the f-statistic loss},
  author={Ridgeway, Karl and Mozer, Michael C},
  booktitle={Advances in neural information processing systems},
  pages={1853--1862},
  year={2016}
}

@inproceedings{hadad2018hypernetworks,
  title={Hypernetworks},
  author={Ha, David and Dai, Andrew and Le, Quoc V},
  booktitle={arXiv preprint arXiv:1609.09106},
  year={2016}
}

@inproceedings{krueger2017bayesian,
  title={Bayesian hypernetworks},
  author={Krueger, David and Huang, Chin-Wei and Islam, Riashat and Turner, Ryan and Lacoste, Alexandre and Courville, Aaron},
  booktitle={arXiv preprint arXiv:1710.04759},
  year={2017}
}

@inproceedings{schmidhuber1992learning,
  title={Learning to control fast-weight memories: an alternative to dynamic recurrent networks},
  author={Schmidhuber, J{\"u}rgen},
  booktitle={Neural Computation},
  volume={4},
  number={1},
  pages={131--139},
  year={1992},
  publisher={MIT Press}
}

@inproceedings{ha2016hypernetworks,
  title={Hypernetworks},
  author={Ha, David and Dai, Andrew and Le, Quoc V},
  booktitle={arXiv preprint arXiv:1609.09106},
  year={2016}
}

@inproceedings{krueger2017bayesian,
  title={Bayesian hypernetworks},
  author={Krueger, David and Huang, Chin-Wei and Islam, Riashat and Turner, Ryan and Lacoste, Alexandre and Courville, Aaron},
  booktitle={arXiv preprint arXiv:1710.04759},
  year={2017}
}

@inproceedings{schmidhuber1992learning,
  title={Learning to control fast-weight memories: an alternative to dynamic recurrent networks},
  author={Schmidhuber, J{\"u}rgen},
  booktitle={Neural Computation},
  volume={4},
  number={1},
  pages={131--139},
  year={1992},
  publisher={MIT Press}
}

@inproceedings{ha2016hypernetworks,
  title={Hypernetworks},
  author={Ha, David and Dai, Andrew and Le, Quoc V},
  booktitle={arXiv preprint arXiv:1609.09106},
  year={2016}
}

@inproceedings{krueger2017bayesian,
  title={Bayesian hypernetworks},
  author={Krueger, David and Huang, Chin-Wei and Islam, Riashat and Turner, Ryan and Lacoste, Alexandre and Courville, Aaron},
  booktitle={arXiv preprint arXiv:1710.04759},
  year={2017}
}

@inproceedings{schmidhuber1992learning,
  title={Learning to control fast-weight memories: an alternative to dynamic recurrent networks},
  author={Schmidhuber, J{\"u}rgen},
  booktitle={Neural Computation},
  volume={4},
  number={1},
  pages={131--139},
  year={1992},
  publisher={MIT Press}
}

